<?xml version="1.0" encoding="UTF-8" standalone="yes"?><bibs total_record_count="1"><bib><mms_id>999208985724702201</mms_id><record_format>marc21</record_format><linked_record_id/><title>Lensvik indremisjon 100 år : 1891-1991</title><author>Singstad, Knut N.</author><network_numbers><network_number>(NO-TrBIB)093100353</network_number><network_number>(NO-TrBIB)920898572</network_number><network_number>920898572-47bibsys_network</network_number></network_numbers><place_of_publication>[Oslo]</place_of_publication><date_of_publication>[1991]</date_of_publication><publisher_const>Indremisjonsselskapet</publisher_const><holdings link="https://api-eu.hosted.exlibrisgroup.com/almaws/v1/bibs/999208985724702201/holdings"/><created_by>import</created_by><created_date>2015-11-02Z</created_date><last_modified_by>exl_api</last_modified_by><last_modified_date>#ignore</last_modified_date><suppress_from_publishing>false</suppress_from_publishing><suppress_from_external_search>false</suppress_from_external_search><suppress_from_metadoor>#ignore</suppress_from_metadoor><rank>#ignore</rank><sync_with_oclc>NONE</sync_with_oclc><sync_with_libraries_australia>NONE</sync_with_libraries_australia><originating_system>OTHER</originating_system><originating_system_id>920898572-47bibsys_network</originating_system_id><cataloging_level desc="kat3">90</cataloging_level><brief_level desc="09">09</brief_level><record><leader>#ignore</leader><controlfield tag="001">999208985724702201</controlfield><controlfield tag="005">#ignore</controlfield><controlfield tag="007">ta</controlfield><controlfield tag="007">cr||||||||||||</controlfield><controlfield tag="008">110414s1991    no ||||| |||||010|0|nob|</controlfield><datafield ind1=" " ind2=" " tag="015"><subfield code="a">1115131</subfield><subfield code="2">nbf</subfield></datafield><datafield ind1=" " ind2=" " tag="020"><subfield code="q">h.</subfield></datafield><datafield ind1=" " ind2=" " tag="035"><subfield code="a">920898572-47bibsys_network</subfield></datafield><datafield ind1=" " ind2=" " tag="035"><subfield code="a">(NO-TrBIB)920898572</subfield></datafield><datafield ind1=" " ind2=" " tag="035"><subfield code="a">(NO-TrBIB)093100353</subfield></datafield><datafield ind1=" " ind2=" " tag="040"><subfield code="a">NO-OsNB</subfield><subfield code="b">nob</subfield><subfield code="e">katreg</subfield></datafield><datafield ind1=" " ind2=" " tag="042"><subfield code="a">norbibl</subfield></datafield><datafield ind1=" " ind2=" " tag="044"><subfield code="c">no</subfield></datafield><datafield ind1="7" ind2="4" tag="082"><subfield code="a">266.022</subfield><subfield code="q">NO-OsNB</subfield><subfield code="2">4/nor</subfield></datafield><datafield ind1=" " ind2=" " tag="084"><subfield code="a">Dd 40(Jc 28)</subfield><subfield code="2">ubtkl/2</subfield></datafield><datafield ind1=" " ind2=" " tag="084"><subfield code="a">Ucf</subfield><subfield code="2">knt</subfield></datafield><datafield ind1="1" ind2=" " tag="100"><subfield code="a">Singstad, Knut N.</subfield><subfield code="d">1923-1996</subfield><subfield code="0">(NO-TrBIB)90386146</subfield></datafield><datafield ind1="1" ind2="0" tag="245"><subfield code="a">Lensvik indremisjon 100 år :</subfield><subfield code="b">1891-1991</subfield></datafield><datafield ind1=" " ind2=" " tag="260"><subfield code="a">[Oslo]</subfield><subfield code="b">Indremisjonsselskapet</subfield><subfield code="c">[1991]</subfield></datafield><datafield ind1=" " ind2=" " tag="300"><subfield code="a">44 s.</subfield><subfield code="b">ill.</subfield></datafield><datafield ind1=" " ind2=" " tag="500"><subfield code="a">Forfatterens navn i forordet</subfield></datafield><datafield ind1=" " ind2=" " tag="533"><subfield code="a">Elektronisk reproduksjon</subfield><subfield code="b">[Norge]</subfield><subfield code="c">Nasjonalbiblioteket Digital</subfield><subfield code="d">2009-08-29</subfield></datafield><datafield ind1="2" ind2="7" tag="610"><subfield code="a">Lensvik indremisjon</subfield><subfield code="0">(NO-TrBIB)90607704</subfield><subfield code="2">bare</subfield></datafield><datafield ind1=" " ind2="7" tag="651"><subfield code="a">Lensvik (Agdenes)</subfield><subfield code="2">norbok</subfield></datafield><datafield ind1=" " ind2=" " tag="653"><subfield code="a">agdenes</subfield><subfield code="a">indremisjon</subfield><subfield code="a">sør-trøndelag</subfield></datafield><datafield ind1=" " ind2=" " tag="662"><subfield code="a">Norge</subfield><subfield code="b">Trøndelag</subfield><subfield code="c">Orkland</subfield><subfield code="d">Lensvik</subfield><subfield code="2">norbok</subfield></datafield><datafield ind1="2" ind2=" " tag="710"><subfield code="a">Lensvik indremisjon</subfield><subfield code="0">(NO-TrBIB)90607704</subfield></datafield><datafield ind1="2" ind2=" " tag="710"><subfield code="a">Indremisjonsselskapet</subfield><subfield code="0">(NO-TrBIB)90149311</subfield></datafield><datafield ind1="4" ind2="1" tag="856"><subfield code="3">Fulltekst</subfield><subfield code="u">https://www.nb.no/search?q=oaiid:"oai:nb.bibsys.no:999208985724702202"&amp;mediatype=bøker</subfield><subfield code="y">Nettbiblioteket</subfield><subfield code="z">Søke-URL</subfield></datafield><datafield ind1=" " ind2=" " tag="901"><subfield code="a">90</subfield></datafield><datafield ind1=" " ind2=" " tag="913"><subfield code="a">Fulltekst</subfield><subfield code="b">NB</subfield></datafield><datafield ind1=" " ind2=" " tag="913"><subfield code="a">Norsk lokalhistorisk bibliografi</subfield><subfield code="b">NB</subfield></datafield></record></bib></bibs>